@Article         {Prechelt1994,
        author = {Lutz Prechelt},
         title = {PROBEN1 - A Set of Benchmarks and Benchmarking Rules for Neural Network Training Algorithms},
       journal = {Technical Report 21/94, 38 pages, Fakult\"at f\"ur Informatik, Universit\"at Karlsruhe http://page.mi.fu-berlin.de/prechelt/Biblio/1994-21.pdf},
          year = 1994
}

@Article         {CEC2014,
        author = {J. J. Liang and B-Y. Qu and P. N. Suganthan},
         title = {Problem Definitions and Evaluation Criteria for the CEC 2014},
       journal = {Special Session and Competition on Single Objective Real-Parameter Numerical Optimization, Technical Report 201311, Computational Intelligence Laboratory, Zhengzhou University, Zhengzhou China  and  Technical Report, Nanyang Technological University, Singapore},
          year = 2013
}

@Article         {papersipesca1,
        author = {Pedro Garc\'{i}a-Fern\'andez and Pedro A. Castillo and Pablo Garc\'{i}a-S\'anchez and Maribel G. Arenas and Antonio M. Mora and Gustavo Romero and Juan J. Merelo and Victor M. Rivas},
         title = {Monitorizaci\'on del estado de las carreteras mediante un sistema aut\'onomo y de bajo coste basado en la tecnolog\'{i}a Bluetooth},
       journal = {SECURITAS VIALIS, Journal Europeo de Tr\'afico, Transporte y Seguridad Vial. Editorial Springer. Etrasa 2014. Vol. 17, pp. 139-160, ISSN: 1888-9697},
          year = 2014
}

@Article         {papersipesca2,
        author = {P.A. Castillo and A. Fern\'andez-Ares and P. Garc\'{i}a-Fern\'andez and P. Garc\'{i}a-S\'anchez and M.G. Arenas and A.M. Mora and G. Romero and V. Rivas and J.J. Merelo},
         title = { Studying individualized transit indicators using a new low-cost information system. Handbook of Research on Embedded Systems Design},
       journal = {Alessandra Bagnato, Leandro Soares Indrusiak, Imran Rafiq Quadri, Matteo Rossi (Eds). Advances in Systems Analysis, Software Engineering, and High Performance Computing (ASASEHPC) Book Series. Industry and Research Perspectives on Embedded System Design. Chapter 16, pp. 388-407 , ISBN 978-1466661943. IGI GLOBAL. DOI: 10.4018/978-1-4666-6194-3.ch016},
          year = 2014
}

@Article         {BoxJenk,
        author = {G.E. Box and G.M. Jenkins},
         title = {Time series analysis: forecasting and control},
       journal = {Ed: San Francisco: Holden Day},
          year = 1976
}

@Article         {LCoRNeuro,
        author = {E. Parras-Gutierrez and V.M. Rivas and M. Garcia-Arenas and M.J. del Jesus},
         title = {Short, medium and long term forecasting of time series using the L-Co-R algorithm},
       journal = {Neurocomputing, Volume 128, 27, Pages 433-446},
          year = 2014
}

@Article         {TongI,
        author = {H. Tong},
         title = {On a threshold model, Pattern recognition and signal processing},
       journal = {NATO ASI Series E: Applied Sc. 29, 575-586},
          year = 1978
}

@Article         {TongII,
        author = {H. Tong},
         title = {Threshold models in non-linear time series analysis},
       journal = {Springer-Verlag},
          year = 1983
}

@Article         {Chang,
        author = {K. Chan and H. Tong},
         title = {On estimating thresholds in autoregressive models},
       journal = {Journal of Time Series Analysis 7 (3), pp. 179-190},
          year = 1986
}

@Article         {Blockwell,
        author = {P. Brockwell and R. Hyndman},
         title = {On continuous-time threshold autoregression},
       journal = {International Journal of Forecasting 8 (2) pp. 157-173},
          year = 1992
}

@Article         {weka,
        author = {Ian Witten and Eibe Frank},
         title = {Data Mining: Practical Machine Learning Tools and Techniques},
       journal = {Morgan Kaufmann, 3 edition},
          year = 2011
}

@Article         {perceptron,
        author = {I.A Basheer and M Hajmeer},
         title = {Artificial neural networks: fundamentals, computing, design, and application},
       journal = {Journal of Microbiological Methods, Volume 43, Issue 1, Pages 3-31},
          year = 2000
}
\bibitem{}, , 

@Article         {SVM,
        author = {J. A. K. Suykens and J. Vandewalle},
         title = {Least Squares Support Vector Machine Classifiers},
       journal = {Neural Process. Lett. 9, 3, 293-300},
          year = 1999
}

@Article         {Eli2012,
        author = {Elisabet Parras-Gutierrez and M. G. Arenas and V. M. Rivas and  M. J. del Jesus},
         title = {Coevolution of lags and RBFNs for time series forecasting: L-Co-R algorithm},
       journal = {Soft Computing 16(6), pp.919-942},
          year = 2012
}

@Article         {Gooijer25years,
        author = {J.~{De Gooijer} and R.~Hyndman},
         title = {25 years of time series forecasting},
       journal = {International Journal of Forecasting 22~(3) pp.443--473},
          year = 2006
}

@Article         {Clements2004,
        author = {M.~Clements and P.~Franses and N.~Swanson},
         title = {Forecasting economic and financial time-series with non-linear models},
       journal = {International Journal of Forecasting 20~(2) pp.169--183},
          year = 2004
}

@Article         {Samanta2011,
        author = {B.~Samanta},
         title = {Prediction of chaotic time series using computational intelligence},
       journal = {Expert Systems with Applications 38~(9) pp. 11406--11411},
          year = 2011
}

@Article         {Zhu2011,
        author = {S.~Zhu and J.~Wang and W.~Zhao and J.~Wang},
         title = {A seasonal hybrid procedure for electricity demand forecasting in China},
       journal = {Applied Energy 88~(11) pp.3807--3815},
          year = 2011
}

@Article         {Qiu2011,
        author = {W.~Qiu and X.~Liu and H.~Li},
         title = {A generalized method for forecasting based on fuzzy time series},
       journal = {Expert Systems with Applications 38~(8) pp. 10446--10453},
          year = 2011
}

@Article         {Wang2011,
        author = {C.~Wang},
         title = {A comparison study between fuzzy time series model and arima model for forecasting taiwan export},
       journal = {Expert Systems with Applications 38~(8) pp. 9296--9304},
          year = 2011
}

@Article         {Yu2010,
        author = {T.~Yu and K.~Huarng},
         title = {A neural network-based fuzzy time series model to improve forecasting},
       journal = {Expert Systems with Applications 37~(4) pp. 3366--3372},
          year = 2010
}

@Article         {Kavaklioglu2011,
        author = {K.~Kavaklioglu},
         title = {Modeling and prediction of turkey's electricity consumption using support vector regression},
       journal = {Applied Energy 88~(1) pp. 368--375},
          year = 2011
}

@Article         {Dash1995,
        author = {P.~K. Dash and A.~C. Liew and S.~Rahman and G.~Ramakrishna},
         title = {Building a fuzzy expert system for electric load forecasting using a hybrid neural network},
       journal = {Expert Systems with Applications 9~(3) pp. 407--421},
          year = 1995
}

@Article         {Tang1991,
        author = {Z.~Tang and C.~de~Almeida and P.~Fishwick},
         title = {Time series forecasting using neural networks vs. box-jenkins methodology},
       journal = {Simulation 57~(5) pp. 303--310},
          year = 1991
}

@Article         {Hippert10,
        author = {H.~Hippert and J.~Taylor},
         title = {An evaluation of bayesian techniques for controlling model complexity and selecting inputs in a neural network for short-term load forecasting},
       journal = {Neural Networks 23~(3) pp. 386--395},
          year = 2010
}

@Article         {Lee09,
        author = {C.~Lee and C.~Ko},
         title = {Time series prediction using rbf neural networks with a nonlinear time-varying evolution pso algorithm},
       journal = {Neurocomputing 73~(1-3) pp. 449--460},
          year = 2009
}

@Article         {PerezGodoy2010,
        author = {M.~P\'erez-Godoy and P.~P\'erez-Recuerda and M.~Fr\'{i}as and A.~Rivera and C.~Carmona and M.~Parras},
         title = {Co$^2$rbfn for short and medium term forecasting of the extra-virgin olive oil price},
       journal = {In: J.~Gonz\'alez, D.~Pelta, C.~Cruz, G.~Terrazas, N.~Krasnogor (Eds.), Proceedings of Nature Inspired Cooperative Strategies for Optimization, Vol. 284, Springer Berlin/Heidelberg, pp. 113--125},
          year = 2010
}

@Article         {LibroWeka,
        author = {I.H. Witten and E. Frank and M.A. Hall},
         title = {Data Mining: Practical Machine Learning Tools and Techniques},
       journal = {Third Edition (The Morgan Kaufmann Series in Data Management Systems). ISBN 978-0123748560. Morgan Kaufmann; 3 edition},
          year = 2011
}

@Article         {LibroR,
        author = {R.J. Hyndman and G. Athanasopoulos},
         title = {Forecasting: principles and practice},
       journal = {ISBN 978-0987507105. OTexts},
          year = 2013
}

@Article         {Khashei12011,
        author = {M. Khashei1 and M. Bijari},
         title = {M. Khashei1 and M. Bijari},
       journal = {Journal of Industrial and Systems Engineering, Vol. 4, No. 4, pp 265-285},
          year = 2011
}

@Article         {Morzy2007,
        author = {M. Morzy},
         title = {Mining Frequent Trajectories of Moving Objects for Location Prediction},
       journal = {Machine Learning and Data Mining in Pattern Recognition. Lecture Notes in Computer Science Volume 4571, pp 667-680},
          year = 2007
}

@Article         {Brinkhoff2002,
        author = {T. Brinkhoff},
         title = {A framework for generating network-based moving objects},
       journal = {GeoInformatica 6(2), 153-180},
          year = 2002
}

@Article         {Gidofalvi2010,
        author = {G. Gidofalvi and E. Saqib},
         title = {Developing a Benchmark for Using Trajectories of Moving Objects in Traffic Prediction and Management},
       journal = {In Proc. of the Workshop on Movement Pattern Analysis. GIScience2010, 2p},
          year = 2010
}

@Article         {PLAISANT2008,
        author = {PLAISANT, C. and FEKETE, J. D. and GRINSTEIN, G.},
         title = {Promoting insight-based evaluation of visualizations: From contest to benchmark repository},
       journal = {IEEE Transactions on Visualization and Computer Graphics 14, 1, 120-134},
          year = 2008
}

@Article         {Flyvbjerg2008,
        author = {B. Flyvbjerg},
         title = {Curbing Optimism Bias and Strategic Misrepresentation in Planning: Reference Class Forecasting in Practice},
       journal = {European Planning Studies, Vol. 16, No. 1},
          year = 2008
}

@Article         {Kriger2006,
        author = {Kriger, D. and Shiu, S. and Naylor, S.},
         title = {Estimating Toll Road Demand and Revenue - A Synthesis of Highway Practice},
       journal = {NCHRP Synthesis 364, Transport Research Board},
          year = 2006
}

@Article         {Bain2009,
        author = {R. Bain},
         title = {Error and optimism bias in toll road traffic forecasts},
       journal = {J. Transportation, N.5, pp. 469-482. DOI 10.1007/s11116-009-9199-7},
          year = 2009
}

@Article         {Shen2011,
        author = {Chao Shen and Yan Huang and Jason W. Powell},
         title = {The Design of a Benchmark for Geo-stream Management Systems},
       journal = {In 19th ACM SIGSPATIAL International Symposium on Advances in Geographic Information Systems, ACM-GIS 2011, pp. 409-412},
          year = 2011
}

@Article         {Arasu2004,
        author = {A. Arasu and M. Cherniack and E. Galvez and D. Maier and A. S. Maskey and E. Ryvkina and M. Stonebraker and R. Tibbetts},
         title = {Linear road: a stream data management benchmark},
       journal = {In Proceedings of the Thirtieth international conference on Very large data bases - Volume 30, VLDB2004, pages 480-491. VLDB Endowment},
          year = 2004
}

@Article         {Duntgen2009,
        author = {C. Duntgen and T. Behr and R. H. Guting},
         title = {C. Duntgen and T. Behr and R. H. Guting},
       journal = {The VLDB Journal, 18:1335-1368},
          year = 2009
}

@Article         {Jensen2006,
        author = {C. S. Jensen and D. Tiesyte and N. Tradisauskas},
         title = {{The COST benchmark-comparison and evaluation of spatio-temporal indexes}},
       journal = {Database Systems for Advanced Applications Lecture Notes in Computer Science Volume 3882, 2006, pp 125-140},
          year = 2006
}

@Article         {Myllymaki2003,
        author = {J. Myllymaki and J. Kaufman},
         title = {Dynamark: A benchmark for dynamic spatial indexing},
       journal = {In Proceedings of the 4th International Conference on Mobile Data Management, MDM2003, pages 92-105, London, UK. Springer-Verlag},
          year = 2003
}

@Article         {WikipediaOUI,
        author = {Wikipedia},
         title = {Organizationally Unique Identifier},
       journal = {In Wikipedia. Retrieved Feb 28, 2015, from http://en.wikipedia.org/wiki/Organizationally\_unique\_identifier},
          year = 2015
}

@Article         {IEEEBT,
        author = {IEEE},
         title = {The IEEE public BT OUI listing},
       journal = {Retrieved Feb 28, 2015, from http://standards.ieee.org/develop/regauth/oui/oui.txt},
          year = 2015
}

